<?xml version="1.0" encoding="UTF-8" ?>
<marc:collection xmlns:marc="http://www.loc.gov/MARC21/slim"
    xmlns:xsi="http://www.w3.org/2001/XMLSchema-instance"
    xsi:schemaLocation="http://www.loc.gov/MARC21/slim http://www.loc.gov/standards/marcxml/schema/MARC21slim.xsd">
    <marc:record>
        <marc:leader>01198cpcaa2200289Ii 4500</marc:leader>
        <marc:controlfield tag="001">002566312</marc:controlfield>
        <marc:controlfield tag="005">20190501161716.0</marc:controlfield>
        <marc:controlfield tag="008">990414i18041804mau                 eng d</marc:controlfield>
        <marc:datafield tag="035" ind1=" " ind2=" ">
            <marc:subfield code="a">41161293</marc:subfield>
        </marc:datafield>
        <marc:datafield tag="040" ind1=" " ind2=" ">
            <marc:subfield code="a">NDD</marc:subfield>
            <marc:subfield code="b">eng</marc:subfield>
            <marc:subfield code="e">dacs</marc:subfield>
            <marc:subfield code="e">rda</marc:subfield>
            <marc:subfield code="c">NDD</marc:subfield>
            <marc:subfield code="d">OCLCG</marc:subfield>
            <marc:subfield code="d">OCLCF</marc:subfield>
            <marc:subfield code="d">NDD</marc:subfield>
        </marc:datafield>
        <marc:datafield tag="041" ind1=" " ind2=" ">
            <marc:subfield code="a">eng</marc:subfield>
        </marc:datafield>
        <marc:datafield tag="049" ind1=" " ind2=" ">
            <marc:subfield code="a">NDDP</marc:subfield>
        </marc:datafield>
        <marc:datafield tag="100" ind1="1" ind2=" ">
            <marc:subfield code="a">Ford, James,</marc:subfield>
            <marc:subfield code="d">1723-1810,</marc:subfield>
            <marc:subfield code="e">creator.</marc:subfield>
        </marc:datafield>
        <marc:datafield tag="245" ind1="1" ind2="0">
            <marc:subfield code="a">James Ford papers,</marc:subfield>
            <marc:subfield code="f">1804.</marc:subfield>
        </marc:datafield>
        <marc:datafield tag="264" ind1=" " ind2="0">
            <marc:subfield code="c">1804.</marc:subfield>
        </marc:datafield>
        <marc:datafield tag="300" ind1=" " ind2=" ">
            <marc:subfield code="a">0.1 linear ft. (1 vol)</marc:subfield>
        </marc:datafield>
        <marc:datafield tag="336" ind1=" " ind2=" ">
            <marc:subfield code="a">text</marc:subfield>
            <marc:subfield code="b">txt</marc:subfield>
            <marc:subfield code="2">rdacontent</marc:subfield>
        </marc:datafield>
        <marc:datafield tag="337" ind1=" " ind2=" ">
            <marc:subfield code="a">unmediated</marc:subfield>
            <marc:subfield code="b">n</marc:subfield>
            <marc:subfield code="2">rdamedia</marc:subfield>
        </marc:datafield>
        <marc:datafield tag="338" ind1=" " ind2=" ">
            <marc:subfield code="a">sheet</marc:subfield>
            <marc:subfield code="b">nb</marc:subfield>
            <marc:subfield code="2">rdacarrier</marc:subfield>
        </marc:datafield>
        <marc:datafield tag="500" ind1=" " ind2=" ">
            <marc:subfield code="a">Cataloged from Guide.</marc:subfield>
        </marc:datafield>
        <marc:datafield tag="545" ind1=" " ind2=" ">
            <marc:subfield code="a">James Ford was a resident of Milton, Mass.</marc:subfield>
        </marc:datafield>
        <marc:datafield tag="520" ind1="8" ind2=" ">
            <marc:subfield code="a">Collection includes a journal kept by James Ford during a trip to Frankfurt, Kentucky, to clear land titles confused by claims of squatters, French and Indian War veterans, and grantees of the Transylvania. Partly published in Bayrd Still, ed., &quot;To the West on Business in 1804,&quot; Pennsylvannia Magazine of History and Biography, 64 (January, 1904), 1-21.</marc:subfield>
        </marc:datafield>
        <marc:datafield tag="600" ind1="1" ind2="0">
            <marc:subfield code="a">Ford, James,</marc:subfield>
            <marc:subfield code="d">1723-1810.</marc:subfield>
        </marc:datafield>
        <marc:datafield tag="600" ind1="1" ind2="7">
            <marc:subfield code="a">Ford, James,</marc:subfield>
            <marc:subfield code="d">1723-1810.</marc:subfield>
            <marc:subfield code="2">fast</marc:subfield>
            <marc:subfield code="0">(OCoLC)fst00256994</marc:subfield>
        </marc:datafield>
        <marc:datafield tag="651" ind1=" " ind2="0">
            <marc:subfield code="a">Milton (Mass.)</marc:subfield>
        </marc:datafield>
        <marc:datafield tag="651" ind1=" " ind2="0">
            <marc:subfield code="a">Frankfurt (Ky.)</marc:subfield>
        </marc:datafield>
        <marc:datafield tag="650" ind1=" " ind2="0">
            <marc:subfield code="a">Deeds</marc:subfield>
            <marc:subfield code="z">Kentucky.</marc:subfield>
        </marc:datafield>
    </marc:record>